@ARTICLE{StiffnessTuning,
  author={Y. {Kim} and S. S. {Cheng} and J. P. {Desai}},
  journal={IEEE Transactions on Robotics}, 
  title={Active Stiffness Tuning of a Spring-Based Continuum Robot for MRI-Guided Neurosurgery}, 
  year={2018},
}

@INPROCEEDINGS{ScissorActuation,
  author={O. {Onaizah} and E. {Diller}},
  booktitle={2019 International Conference on Robotics and Automation (ICRA)}, 
  title={Tetherless Mobile Micro-Surgical Scissors Using Magnetic Actuation}, 
  year={2019},
}

@INPROCEEDINGS{MilliGripper,
  author={F. {Ullrich} and K. S. {Dheman} and S. {Schuerle} and B. J. {Nelson}},
  booktitle={2015 IEEE International Conference on Robotics and Automation (ICRA)}, 
  title={Magnetically actuated and guided milli-gripper for medical applications}, 
  year={2015},
}

@ARTICLE{collisionAvoidanceNeuro,
  title = {Toward Autonomous Collision Avoidance for Robotic Neurosurgery in Deep and Narrow Spaces in the Brain},
  journal = {Procedia CIRP},
  year = {2017},
  author = {Hiroaki Ueda and Ryoya Suzuki and Atsushi Nakazawa and Yusuke Kurose and Murilo M. Marinho and Naoyuki Shono and Hirofumi Nakatomi and Nobuhito Saito and Eiju Watanabe and Akio Morita and Kanako Harada and Naohiko Sugita and Mamoru Mitsuishi},
}

@INPROCEEDINGS{retinal_tool_detector,
  author={Vizca{\'i}no, Josu{\'e} Page and Rieke, Nicola and Tan, David Joseph and Tombari, Federico and Eslami, Abouzar and Navab, Nassir},
  title={Automatic Initialization and Failure Detection for Surgical Tool Tracking in Retinal Microsurgery},
  year={2017},
}